古典統計学-枠組み

@article{Pearson04,
    author          = {Pearson, Karl},
    year            = {1904},
    title           = {On the Theory of Contingency and Its Relation to Association and Normal Correlation},
    journal         = {Biometric Series, Drapers' Co. Memoirs, London},
    number          = {},
    volume          = {},
    pages           = {}
}

@article{Pearson00,
    author          = {Pearson, Karl},
    title           = {On the Criterion that a Given System of Deviations from the Probable in the Case of a Correlated System of Variables is Such that it can be Reasonably Supposed to Have Arisen from Random Sampling},
    year            = {1900},
    journal         = {The London, Edinburgh, and Dublin Philosophical Magazine and Journal of Science},
    volume          = {50},
    number          = {302},
    pages           = {157-175},
    publisher = {Taylor & Francis},
    doi = {10.1080/14786440009463897},
}

@article{Gosset08,
    author          = {Student / Gosset, William S.},
    title           = {The Probability Error of a Mean},
    year            = {1908},
    journal         = {Biometrika},
    volume          = {6},
    number          = {1},
    pages           = {1-25},
    publisher       = {Oxford University Press},
}

@article{Fisher18,
    author          = {Fisher, Ronald A.},
    title           = {The Correlation between Relatives on the Supposition of Mendelian Inheritance},
    year            = {1918},
    journal         = {Transactions of the Royal Society of Edinburgh},
    volume          = {52},
    number          = {},
    pages           = {399-433},
    abstract        = {「形質」の変動を遺伝学模型から説明した論文で，「分散」の語を初めて用いた論文でもある．}
}

@article{Fisher22,
    author          = {Fisher, Ronald A.},
    title           = {On the Mathematical Foundations of Theoretical Statistics},
    year            = {1922},
    journal         = {Philosophical Transactions of the Royal Society of London. Series A, Containing Papers of a Mathematical or Physical Character},
    volume          = {222},
    number          = {},
    pages           = {594-604}
}

@article{Fisher25,
    author          = {Fisher, Ronald A.},
    title           = {Theory of Statistical Estimation},
    year            = {1925},
    journal         = {Mathematical Proceedings of the Cambridge Philosophical Society},
    volume          = {22},
    number          = {5},
    pages           = {700-725}
}


古典統計学-検定理論

@article{Yates,
    author          = {Yates, F.},
    year            = {1934},
    title           = {Contingency Tables Involving Small Numberts and the $\chi^2$ Test},
    journal         = {Supplement to the Journal of the Royal Statistical Society},
    organization    = {Wiley},
    number          = {1},
    volume          = {2},
    pages           = {217-235}
}

@article{NeymanPearson28,
    author          = {{Neyman, Jerzy and Pearson, Egon S.}},
    title           = {On the Use and Interpretation of Certain Test Criteria for Purposes of Statistical Inference: Part I},
    year            = {1928},
    journal         = {Biometrika},
    volume          = {20A},
    number          = {1},
    pages           = {175-240},
    publisher       = {Oxford University Press}
}

@article{NeymanPearson33,
    author          = {{Neyman, Jerzy and Pearson, Egon S.}},
    title           = {On the problem of the most efficient tests of statistical hypotheses},
    year            = {1933},
    journal         = {Philosophical Transactions of the Royal Society of London. Series A, Containing Papers of a Mathematical or Physical Character},
    volume          = {231},
    number          = {},
    pages           = {289-337}
}

古典統計学-統計量理論

@article{Basu55,
    author          = {Basu, Debabrata},
    title           = {On Statistics Independent of a Complete Sufficient Statistic},
    year            = {1955},
    journal         = {Sankhyā: The Indian Journal of Statistics},
    volume          = {15},
    number          = {4},
    pages           = {377-380}
}

古典統計学-その後

@article{CRRao62-GeneralizedInverse,
    author          = {Rao, C. R.},
    title           = {A Note on a Generalized Inverse of a Matrix with Applications to Problems in Mathematical Statistics},
    year            = {1962},
    journal         = {Journal of the Royal Statistical Society. Series B (Methodological)},
    volume          = {24},
    number          = {1},
    pages           = {152-158}
}

統計史

@book{安藤洋美-OLS,
    author         = {安藤洋美},
    title          = {最小二乗法の歴史},
    year           = {1995},
    publisher      = {現代数学社},
    series         = {},
    volume         = {},
    month          = {10},
    edition        = {},
    howpublished   = {}
}

@book{統計と社会経済分析1-社会的形成,
    author         = {長屋政勝，金子治平，上藤一郎(編著)},
    title          = {統計と統計理論の社会的形成},
    year           = {1999},
    publisher      = {北海道大学図書刊行会},
    series         = {統計と社会経済分析},
    volume         = {1},
    month          = {6},
    edition        = {},
    howpublished   = {}
}

@book{統計と社会経済分析2-思想と方法,
    author         = {杉森滉一，木村和範 編著},
    title          = {統計学の思想と方法},
    year           = {2000},
    publisher      = {北海道大学図書刊行会},
    series         = {統計と社会経済分析},
    volume         = {2},
    month          = {1},
    edition        = {},
    howpublished   = {}
}

@book{芝村-Fisher,
    author         = {芝村良},
    title          = {R. A. フィッシャーの統計理論：推測統計学の形成とその社会的背景},
    year           = {2004},
    publisher      = {九州大学出版会},
    series         = {},
    volume         = {},
    month          = {2},
    edition        = {},
    howpublished   = {}
}

@book{Efron-Hastie16-ComputerAge,
    author         = {Efron, Bradley and Hastie Trevor},
    title          = {Computer Age Statistical Inference: Algorithms, Evidence and Data Science},
    year           = {2016},
    month          = {7},
    publisher      = {Cambridge University Press},
    series         = {Institute of Mathematical Statistics Monographs},
    volume         = {},
    edition        = {1},
    howpublished   = {和訳は『大規模計算時代の統計推論』（共立出版，2020年）}
}

U-統計量

@article{Hoeffding40-ScaleInvariant,
    author          = {Hoeffding, Wassily},
    title           = {Maßstabinvariante Korrelationstheorie},
    year            = {1940},
    journal         = {Schriften des Mathematischen Instituts und des Instituts fur Angewandte Mathematik der Universitat Berlin},
    volume          = {5},
    number          = {3},
    pages           = {179-233},
    note            = {“Scale-Invariant correlation theory”, The Collected Work of Wassily Hoeffding, Fisher, N. I. and Sen, P. K. eds. Springer 1994, 57-107},
}

@article{Hoeffding48-U-statistic,
    author          = {Hoeffding, Wassily},
    title           = {A Class of Statistics with Asymptotically Normal Distribution},
    year            = {1948},
    journal         = {The Annals of Mathematical Statistics},
    volume          = {19},
    number          = {3},
    pages           = {293-325}
}

@article{Hoeffding61-SLLN,
    author          = {Hoeffding, Wassily},
    title           = {The Strong Law of Large Numberts for $U$-statistics},
    year            = {1961},
    journal         = {University of North Carolina Institute of Statistics Mimeo Series},
    volume          = {},
    number          = {302},
    pages           = {},
}

@article{Hoeffding63-Inequalities,
    author          = {Hoeffding},
    title           = {Probability Inequalities for Sums of Bounded Random Variables},
    year            = {1963},
    journal         = {Journals of the American Statistical Association},
    volume          = {58},
    number          = {301},
    pages           = {13-30}
}

@article{Hoeffding-Robbins48-CLT,
    author          = {Hoeffding, W. and Robbins, Herbert},
    title           = {The Central Limit Theorem for Dependent Random Variables},
    year            = {1948},
    journal         = {Duke Mathematical Journal},
    volume          = {15},
    number          = {3},
    pages           = {773-780}
}

@article{Hajek61,
    author          = {Hajek, J.},
    title           = {Some Extensions of the Wald-Wolfowitz-Noether Theorem},
    year            = {1961},
    journal         = {Annals of Mathematical Statistics},
    volume          = {32},
    number          = {2},
    pages           = {506-523}
}

@article{Hajek68-AsymptoticNormality,
    author          = {Hajek, Jaroslav},
    title           = {Asymptotic Normality of Simple Linear Rank Statistics Under Alternatives},
    year            = {1968},
    journal         = {the Annals of Mathematical Statistics},
    volume          = {39},
    number          = {2},
    pages           = {325-346}
}

情報量規準

@inproceedings{赤池-AIC-数理科学,
    author          = {赤池広次},
    booktitle       = {数理科学153号},
    title           = {情報量規準AICとは何か},
    year            = {1976},
    pages           = {5-11},
}

Bayes統計学

@book{BDA,
    author         = {{Gelman, Andrew, Carlin, John B., Stern, Hal S., Dunson, D. B., Vehtari, A., and Rubin, Donald B.}},
    yomi           = {},
    title          = {Bayesian Data Analysis},
    year           = {2014},
    publisher      = {Boca Raton : CRC Press},
    series         = {Texts in statistical science},
    volume         = {},
    month          = {},
    edition        = {3},
    howpublished   = {},
    url            = {http://www.stat.columbia.edu/~gelman/book/},
}

@book{DBDA,
    author         = {Kruschke, John K.},
    yomi           = {},
    title          = {Doing Bayesian Data Analysis : a tutorial with R, JAGS, and Stan},
    year           = {2015},
    publisher      = {London ; Tokyo : Academic Press},
    series         = {},
    volume         = {},
    month          = {},
    edition        = {2},
    howpublished   = {},
    url            = {https://sites.google.com/site/doingbayesiandataanalysis/},
}

@book{鎌谷-モンテカルロ,
    author         = {鎌谷研吾},
    yomi           = {},
    title          = {モンテカルロ統計計算},
    year           = {2020},
    publisher      = {講談社},
    series         = {データサイエンス入門},
    volume         = {},
    month          = {3},
    edition        = {},
    howpublished   = {}
}

機械学習

@book{Hastie-Tibshirani-Friedman09-Elements,
    author         = {Hastie, Trevor and Tibshirani, Robert and Friedman, Jerome},
    title          = {The Elements of Statistical Learning},
    year           = {2009},
    month          = {},
    publisher      = {Springer New York},
    series         = {Springer Series in Statistics},
    volume         = {},
    edition        = {2},
    howpublished   = {}
}

@book{現代統計学-統計教育大学間連携ネットワーク,
    author         = {統計教育大学間連携ネットワーク},
    editor         = {美添泰人, 竹村彰通, 宿久洋},
    yomi           = {},
    title          = {現代統計学},
    year           = {2017},
    publisher      = {日本評論社},
    series         = {},
    volume         = {},
    month          = {3},
    edition        = {},
    howpublished   = {}
}

@book{杉山将-SML,
    author         = {杉山将},
    title          = {統計的機械学習―生成モデルに基づくパターン認識},
    year           = {2009},
    publisher      = {オーム社},
    series         = {TokyoTech Be-TEXT},
    volume         = {},
    month          = {9},
    edition        = {},
    howpublished   = {}
}

@book{金森敬文-SLT,
    author         = {金森敬文},
    title          = {統計的学習理論},
    year           = {2015},
    publisher      = {講談社},
    series         = {機械学習プロフェッショナルシリーズ},
    volume         = {},
    month          = {8},
    edition        = {},
    howpublished   = {}
}

@book{冨岡-Sparse,
    author         = {冨岡亮太},
    title          = {スパース性に基づく機械学習},
    year           = {2015},
    publisher      = {講談社},
    series         = {機械学習プロフェッショナルシリーズ},
    volume         = {},
    month          = {12},
    edition        = {},
    howpublished   = {}
}

@book{本多-中村-bandit,
    author         = {本多淳也，中村篤祥},
    title          = {バンディット問題の理論とアルゴリズム},
    year           = {2016},
    publisher      = {講談社},
    series         = {機械学習プロフェッショナルシリーズ},
    volume         = {},
    month          = {8},
    edition        = {},
    howpublished   = {}
}

@book{持橋-大羽,
    author         = {持橋大地，大羽成征},
    title          = {ガウス過程と機械学習},
    year           = {2019},
    publisher      = {講談社},
    series         = {機械学習プロフェッショナルシリーズ},
    volume         = {},
    month          = {3},
    edition        = {},
    howpublished   = {}
}

@book{清水昌平-統計的因果探索,
    author         = {清水昌平},
    title          = {統計的因果探索},
    year           = {2017},
    publisher      = {講談社},
    series         = {機械学習プロフェッショナルシリーズ},
    volume         = {},
    month          = {5},
    edition        = {},
    howpublished   = {}
}

@book{森村-RL,
    author         = {森村哲郎},
    title          = {強化学習},
    year           = {2019},
    publisher      = {講談社},
    series         = {機械学習プロフェッショナルシリーズ},
    volume         = {},
    month          = {5},
    edition        = {},
    howpublished   = {}
}

Bandit問題

@article{BradtJohnsonKarlin56-Bandit,
    author          = {Brandt, R. N. and Johnson, S. M. and Karlin, Samuel},
    title           = {On Sequential Designs for Maximizing the Sum of n-Observations},
    year            = {1956},
    journal         = {the Annals of Mathematical Statistics},
    volume          = {27},
    number          = {4},
    pages           = {1060-1074}
}

判別分析

@article{Hastie96,
    author          = {Hastie, Trevor and Tibshirani, Robert},
    year            = {1996},
    title           = {Discriminant Analysis by Gaussian Mixtures},
    journal         = {Journal of the Royal Statistical Society},
    number          = {Series B 58},
    volume          = {1},
    pages           = {155-176},
    abstract        = {混合判別分析の草分け},
}

遺伝学-古典


@article{Mendel66,
    author          = {Mendel, Greegor J.},
    title           = {Versuche über Pflanzen-Hybriden ("Experiments on Plant Hybridization")},
    year            = {1866},
    journal         = {Proceedings of the Natural History Society of Brünn},
    volume          = {4},
    number          = {},
    pages           = {3-47},
    howpublished    = {1865年の学会で読まれ，出版されたが，1966年に公になった},
    note            = {For the English translation, see: Druery, C. T.; Bateson, William (1901).},
    abstract        = {後にメンデルの法則(Mendelian inheritance)として知られる遺伝学の模型を初めて発表した論文},
}

@article{Hardy08,
    author          = {Hardy, G. H.},
    title           = {Mendelian Proportions in a Mixed Population},
    year            = {1908},
    journal         = {Science},
    volume          = {28},
    number          = {706},
    pages           = {49-50},
    doi = {10.1126/science.28.706.49},
    URL = {https://www.science.org/doi/abs/10.1126/science.28.706.49},
}

経済学-古典

@book{Edgeworth81,
    author         = {Edgeworth, Francis Ysidro},
    title          = {Mathematical Psychics: An Essay on the Application of Mathematics to the Moral Sciences},
    year           = {1881},
    publisher      = {London: C. Kegan Paul and Co.},
    series         = {},
    volume         = {},
    month          = {},
    edition        = {},
    url            = {http://onlinebooks.library.upenn.edu/webbin/book/lookupid?key=olbp34052},
    abstract       = {Edgeworthは数理を道徳学へ応用することに興味を持った経済学者であった}
}

経済データ

@article{JobCorps,
    author          = {{Schochet, P. Z., Burghardt, J., and McConnell, S.}},
    title           = { Does Job Corps Work? Impact Findings from the National Job Corps Study},
    year            = {2008},
    journal         = {American Economic Review},
    volume          = {98},
    number          = {5},
    pages           = {1864-86}
}

法と統計

@book{Abbott,
    author         = {Abbott, Ryan},
    title          = {The Reasonable Robot: Artificial Intelligence and the Law},
    year           = {2020},
    publisher      = {Cambridge University Press},
    series         = {},
    volume         = {},
    month          = {},
    edition        = {},
    howpublished   = {}
}

@book{法廷のための統計リテラシー,
    author         = {石黒真木夫，岡本基，椿広計，宮本道子，弥永真生，柳本武美},
    title          = {法廷のための統計リテラシー},
    year           = {2014},
    publisher      = {近代科学社},
    series         = {ISMシリーズ：進化する統計数理},
    volume         = {3},
    month          = {8},
    edition        = {1},
    howpublished   = {}
}

自然言語処理

@book{Feldman-Sanger,
    author         = {{Ronen Feldman, and James Sanger}},
    title          = {The Text Mining Handbook: Advanced Approaches in Analyzing Unstructured Data},
    year           = {2007},
    publisher      = {Cambridge University Press},
    series         = {},
    volume         = {},
    month          = {},
    edition        = {},
    howpublished   = {}
}

@book{Manning-Schutze,
    author         = {Manning, Christopher D. and, Schütze, H.},
    title          = {Foundations of Statistical Natural Language Processing},
    year           = {1999},
    publisher      = {MIT Press},
    series         = {},
    volume         = {},
    month          = {3},
    edition        = {},
    howpublished   = {}
}

因果推論-傾向スコア

@article{Rosenbaum-Rubin83-PropensityScore,
    title={The Central Role of the Propensity Score in Observational Studies for Causal Effects},
    author={Rosenbaum, Paul R. and Rubin, Donald B.},
    journal={Biometrika},
    volume={70},
    number={1},
    pages={41-55},
    year={1983},
    publisher={Oxford University Press}
}

セミパラ-欠測データ

@book{Little-Rubin19-MissingData,
    author         = {Rubin, Donald B. and Little, Roderick J. A.},
    title          = {Statistical Analysis with Missing Data},
    year           = {2019},
    publisher      = {Wiley},
    series         = {Wiley Series in Probability and Statistics},
    volume         = {},
    month          = {4},
    edition        = {3},
    howpublished   = {}
}

セミパラ-長期的処置効果

@article{Chen-Ritzwoller-ATM,
    author          = {Chen, Jiafeng and Ritzwoller, David M.},
    title           = {Semiparametric Estimation of Long-Term Treatment Effects},
    year            = {2021},
    journal         = {arXiv preprint arXiv:2107.14405},
    volume          = {},
    number          = {},
    pages           = {}
}

セミパラ-本

@book{BKRW98-Semiparametric,
    author         = {Bickel, Peter J. and Klaassen, C. A. J. and Ritov, Y. and Wellner Joh A.},
    title          = {Efficient and Adaptive Estimation for Semiparametric Models},
    year           = {1998},
    publisher      = {Springer New York},
    series         = {},
    volume         = {},
    month          = {},
    edition        = {},
    howpublished   = {}
}

@book{Tsiatis06-Semiparametric,
    author         = {Tsiatis, Anastasios A.},
    title          = {Semiparametric Theory and Missing Data},
    year           = {2006},
    publisher      = {Springer, New York},
    series         = {Springer Series in Statistics (SSS)},
    volume         = {},
    month          = {},
    edition        = {1},
    howpublished   = {}
}

cybernetics

@book{Wiener65-cybernetics,
    author         = {Wiener, Norbert},
    title          = {Cybernetics},
    year           = {1965},
    month          = {3},
    publisher      = {The MIT Press},
    series         = {},
    volume         = {},
    edition        = {2},
    howpublished   = {}
}

情報理論

@book{甘利俊一68-情報科学講座,
    author         = {甘利俊一},
    title          = {情報理論II―情報の幾何学的理論―},
    year           = {1968},
    month          = {1},
    publisher      = {共立出版},
    series         = {情報科学講座},
    volume         = {A.2.5},
    edition        = {},
    howpublished   = {}
}

@book{Cover-Thomas06-ElementsOfInformationTheory,
    author         = {Cover, Thomas M. and Thomas, Joy A.},
    title          = {Elements of Information Theory},
    year           = {2006},
    month          = {7},
    publisher      = {Wiley},
    series         = {},
    volume         = {},
    edition        = {2},
    howpublished   = {}
}

@article{Shannon48,
    author          = {Shannon, C. E.},
    title           = {A Mathematical Theory of Communication},
    year            = {1948},
    journal         = {The Bell System Technical Journal},
    volume          = {27},
    number          = {},
    pages           = {379-423, 623-656}
}

@book{有本卓80-確率・情報・エントロピー,
    author         = {有本卓},
    title          = {確率・情報・エントロピー},
    year           = {1980},
    month          = {11},
    publisher      = {森北出版},
    series         = {},
    volume         = {},
    edition        = {},
    howpublished   = {}
}

@book{野口悠紀雄74-情報の経済理論,
    author         = {野口悠紀雄},
    title          = {情報の経済理論},
    year           = {1974},
    month          = {},
    publisher      = {東洋経済新聞社},
    series         = {},
    volume         = {},
    edition        = {},
    howpublished   = {}
}

最適化

@book{最適化と変分法,
    author         = {寒野善博，土谷隆},
    title          = {最適化と変分法},
    year           = {2014},
    publisher      = {丸善出版},
    series         = {東京大学工学教程基礎系数学},
    volume         = {},
    month          = {10},
    edition        = {},
    howpublished   = {東京大学工学教程編纂委員会 編}
}



@book{Luenberger-Optimization,
    author         = {Luenberger, D. G.},
    title          = {Optimization by Vector Space Methods},
    year           = {1997},
    publisher      = {Wiley},
    series         = {},
    volume         = {},
    month          = {1},
    edition        = {},
    howpublished   = {(1973)『関数解析による最適理論』（コロナ社）}
}

@book{Bellman-DP,
    author         = {Bellman, Richard},
    title          = {Dynamic Programming},
    year           = {1957},
    publisher      = {Pronceton University Press and Oxford University Press},
    series         = {},
    volume         = {},
    month          = {},
    edition        = {},
    howpublished   = {}
}

制御理論

@book{木村英紀,
    author         = {木村英紀},
    title          = {$H^\infty$制御},
    year           = {2000},
    publisher      = {コロナ社},
    series         = {},
    volume         = {},
    month          = {},
    edition        = {},
    howpublished   = {}
}

@book{堀洋一-大西公平,
    author         = {堀洋一，大西公平},
    title          = {制御工学の基礎},
    year           = {1997},
    publisher      = {丸善株式会社},
    series         = {電気・電子・情報・通信基礎コース},
    volume         = {},
    month          = {},
    edition        = {},
    howpublished   = {}
}

線型代数

@misc{Damianou11-Cartan行列の特性多項式,
    doi = {10.48550/ARXIV.1110.6620},
    url = {https://arxiv.org/abs/1110.6620},
    author = {Damianou, Pantelis A.},
    keywords = {Representation Theory (math.RT), FOS: Mathematics, FOS: Mathematics, 17B20, 33C45, 20F55},
    title = {On the characteristic polynomial of Cartan matrices and Chebyshev polynomials},
    publisher = {arXiv},
    year = {2011},
    copyright = {arXiv.org perpetual, non-exclusive license}
}

数値計算-PDE

@book{Smith86-NumericalSolutionOfPDE,
    author         = {Smith, G. D.},
    title          = {Numerical Solution of Partial Differential Equations: Finite Difference Methods},
    year           = {1986},
    month          = {1},
    publisher      = {A Clarendon Press Publication},
    series         = {Oxford Applied Mathematics and Computing Science Series},
    volume         = {},
    edition        = {3},
    howpublished   = {}
}

Targeted Learning

@book{vanderLaan-Rose11-TargetedLearning,
    author         = {van der Laan, Mark J. and Rose, S.},
    title          = {Targeted Learning: Causal Inference for Observational and Experimental Data},
    year           = {2011},
    month          = {},
    publisher      = {Springer New York},
    series         = {Springer Series in Statistics},
    volume         = {},
    edition        = {},
    howpublished   = {}
}

頑健統計の古典


@article{vonMises47-AsymptoticDistributionOfStatisticalFunction,
    author          = {von Mises, Richard},
    title           = {On the Asymptotic Distribution of Differentiable Statistical Functions},
    year            = {1947},
    journal         = {The Annals of Mathematical Statistics},
    volume          = {18},
    number          = {3},
    pages           = {309-348},
    doi             = {doi:10.1214/aoms/1177730385},
}

@article{Hansen82-GMM,
    author          = {Hansen, Lars Peter},
    title           = {Large Sample Properties of Generalized Method of Moments Estimators},
    year            = {1982},
    journal         = {Econometrica},
    volume          = {50},
    number          = {4},
    pages           = {1029-1054}
}

@unpublished{Hansen07-GMM,
    author = {Hansen, Lars Peter},
    note   = {\url{http://home.uchicago.edu/~lhansen/palgrave.pdf}},
    title  = {Generalized Method of Moments Estimation},
    year   = {2007},
    url    = {http://home.uchicago.edu/~lhansen/palgrave.pdf}
}

セミパラにおける頑健統計的手法

@article{Bickel-Kwon01-Semiparametric,
    author          = {Bickel, Peter J. and Kwon, Jaimyoung},
    title           = {INFERENCE FOR SEMIPARAMETRIC MODELS: SOME QUESTIONS AND AN ANSWER},
    year            = {2001},
    journal         = {Statistica Sinica},
    volume          = {11},
    number          = {4},
    pages           = {863-886}
}

@article{Bickel-Kwon01-QandA,
    author          = {Bickel, P. J. and Kwon, J.},
    title           = {Inference for Semiparametric Models: Some Questions and an Answer.},
    year            = {2001},
    journal         = {Statistica Sinica },
    volume          = {11},
    number          = {4},
    pages           = {863-886}
}

@article{Robins-Rotnitzky01-Comments,
    author          = {Robins, James M. and Rotnitzky, Andrea},
    title           = {Comment on the Bickel and Kwon article, 'Inference for semiparametric models: Some questions and an answer'},
    year            = {2001},
    journal         = {Statistica Sinica},
    volume          = {11},
    number          = {4},
    pages           = {920-936}
}

二重に頑健な推定量-レビュー

@article{Seaman18-DoubleRobustMethod,
    author          = {Seaman, S. R. and Vansteelandt, S.},
    title           = {Introduction to Double Robust Methods for Incomplete Data.},
    year            = {2018},
    journal         = {Statistical Science},
    volume          = {33},
    number          = {2},
    pages           = {184-197}
}

Chernozhukov

@article{Chernozhukov-Ichimura-Newey22-LocallyRobust,
    author          = {Chernozhukov, Victor and Escanciano, J. C. and Ichimura, Hidehiko and Newey, Whitney K.},
    title           = {Locally Robust Semiparametric Estimation},
    year            = {2022},
    journal         = {Econometrica},
    volume          = {90},
    number          = {4},
    pages           = {1501-1535},
    abstract        = {2重に頑健な推定量が存在するための十分条件「直交モーメント関数を用いて1st stepに対してdebiasedな推定量を構成できる」ことを論じている．}
}

@article{Rotnitzky-Smucler-Robins21-MixedBiasProperty,
    author          = {Rotnitzky, A. and Smucler, E. and Robins, J. M.},
    title           = {Characterization of parameters with a mixed bias property},
    year            = {2021},
    journal         = {Biometrika},
    volume          = {108},
    number          = {1},
    pages           = {231-238}
}

@article{Chernozhukov-Newey-Singh22-DebiasedMachineLearning,
    author          = {Chernozhukov, Victor and Newey, Whitney K. and Singh, Rahul},
    title           = {Debiased machine learning of global and local parameters using regularized Riesz representers},
    year            = {2022},
    journal         = {The Econometrics Journal},
    volume          = {25},
    number          = {3},
    pages           = {576-601}
}
Chernozhukov, J., Chetverikov, D., Demirer, M., Duflo, E., Hansen, C., Newey, W. K. and Robins, M. J.
@article{Chernozhukov-Newey-Robins18-Double/Debiased-Machine-Learning,
    author          = {Chernozhukov, J. and Chetverikov, D. and Demirer, M. and Duflo, E. and Hansen, C. and Newey, W. K. and Robins, M. J.},
    title           = {Double/Debiased Machine Learning for Treatment and Structural Parameters},
    year            = {2018},
    journal         = {The Econometrics Journal},
    volume          = {21},
    number          = {1},
    pages           = {C1-C68}
}

@article{Chernozhukov-Chetverikov-Kato14-GaussianApproximation,
    author          = {Chernozhukov, V., Chetverikov, D. and Kato, K.},
    title           = {Gaussian approximation of suprema of empirical processes},
    year            = {2014},
    journal         = {The Annals of Statistics},
    volume          = {42},
    number          = {4},
    url             = {https://arxiv.org/abs/1212.6885},
    pages           = {1564-1597}
}

Yoshida Nakahiro

@inproceedings{YechanPark-Zhan-Yoshida22,
title={Beyond Central Limit Theorem for Higher-Order Inference in Batched Bandits},
author={Yechan Park and Ruohan Zhan and Nakahiro Yoshida},
booktitle={NeurIPS 2022 Workshop on Causality for Real-world Impact},
year={2022},
url={https://openreview.net/forum?id=FuN85V24J7V},
abstract ={bandit問題ではポリシーが経時変化するadaptiveな手法であるため，従来の独立性に依拠した極限定理に基づいた手法は適用出来ない．その上，重点的に選択されなかったarmについては極めてサンプル数が少なくなることが多いため，正規近似の手法も適用できない．これに対して，元々はジャンプを持つ拡散過程の汎関数の分布の漸近展開を計算するために用いられたパーシャルミキシング過程についての後ろ向き漸近展開とその正当性を導入して解決した．さらに，ランダム関数のbackward propagation (?)に対応するための手法の拡張も論じる．また，数値実験による手法の有効性も確認した．この手法は，一般のadaptiveにデザインされた，非線形なパラメータを持つ可微分な模型に応用可能である．}
}