@incollection{vaart1996weak,
  title={Weak convergence},
  author={Vaart, Aad W and Wellner, Jon A},
  booktitle={Weak convergence and empirical processes},
  pages={16--28},
  year={1996},
  publisher={Springer}
}
@book{hsiao2022analysis,
  title={Analysis of panel data},
  author={Hsiao, Cheng},
  year={2022},
  publisher={Cambridge university press}
}






@article{doi:10.1146/annurev-economics-111809-125139,
author = {Arellano, Manuel and Bonhomme, St\'{e}phane},
title = {Nonlinear Panel Data Analysis},
journal = {Annual Review of Economics},
volume = {3},
number = {1},
pages = {395-424},
year = {2011},
doi = {10.1146/annurev-economics-111809-125139},

URL = { 
    
        https://doi.org/10.1146/annurev-economics-111809-125139
    
    

},
eprint = { 
    
        https://doi.org/10.1146/annurev-economics-111809-125139
    
    

}
,
    abstract = { Nonlinear panel data models arise naturally in economic applications, yet their analysis is challenging. Here we provide a progress report on some recent advances in the area. We start by reviewing the properties of random-effects likelihood approaches. We emphasize a link with Bayesian computation and Markov chain Monte Carlo, which provides a convenient approach to estimation and inference. The relaxation of parametric assumptions on the distribution of individual effects raises serious identification problems. In discrete choice models, common parameters and average marginal effects are generally set identified. The availability of continuous outcomes, however, provides opportunities for point identification. We end by reviewing recent progress on non-fixed-T approaches. In panel applications in which the time dimension is not negligible relative to the size of the cross section, it makes sense to view the estimation problem as a time-series finite-sample bias. Several perspectives to bias reduction are now available. We review their properties, with a special emphasis on random-effects methods. }
}



@PREAMBLE{"\def\cprime{$'$} "}'
@article{ghanem2022selection,
  title={Selection and parallel trends},
  author={Ghanem, Dalia and Sant'Anna, Pedro HC and W{\"u}thrich, Kaspar},
  journal={arXiv preprint arXiv:2203.09001},
  year={2022}
}
@misc{ashenfelter1985susing,
  title={sUsing the Longitudinal Structure of Earnings to Estimate the Effect of Training Programs, tReview of Economics and Statistics; 67 (4)},
  author={Ashenfelter, Orley and Card, David},
  year={1985},
  publisher={November}
}
@article{bai2009panel,
  title={Panel data models with interactive fixed effects},
  author={Bai, Jushan},
  journal={Econometrica},
  volume={77},
  number={4},
  pages={1229--1279},
  year={2009},
  publisher={Wiley Online Library}
}
@article{abadie2021using,
  title={Using synthetic controls: Feasibility, data requirements, and methodological aspects},
  author={Abadie, Alberto},
  journal={Journal of Economic Literature},
  volume={59},
  number={2},
  pages={391--425},
  year={2021}
}
@article{chernozhukov2014gaussian,
  title={Gaussian approximation of suprema of empirical processes},
  author={Chernozhukov, Victor and Chetverikov, Denis and Kato, Kengo},
  journal={The Annals of Statistics},
  volume={42},
  number={4},
  pages={1564--1597},
  year={2014},
  publisher={Institute of Mathematical Statistics}
}
@article{cox1972regression,
  title={Regression models and life-tables},
  author={Cox, David R},
  journal={Journal of the Royal Statistical Society: Series B (Methodological)},
  volume={34},
  number={2},
  pages={187--202},
  year={1972},
  publisher={Wiley Online Library}
}
@article{todd2006assessing,
  title={Assessing the impact of a school subsidy program in Mexico: Using a social experiment to validate a dynamic behavioral model of child schooling and fertility},
  author={Todd, Petra E and Wolpin, Kenneth I},
  journal={American economic review},
  volume={96},
  number={5},
  pages={1384--1417},
  year={2006}
}
@article{mortensen1986job,
  title={Job search and labor market analysis},
  author={Mortensen, Dale T},
  journal={Handbook of labor economics},
  volume={2},
  pages={849--919},
  year={1986},
  publisher={Elsevier}
}
@article{mortensen1999new,
  title={New developments in models of search in the labor market},
  author={Mortensen, Dale T and Pissarides, Christopher A},
  journal={Handbook of labor economics},
  volume={3},
  pages={2567--2627},
  year={1999},
  publisher={Elsevier}
}
@article{mortensen1977unemployment,
  title={Unemployment insurance and job search decisions},
  author={Mortensen, Dale T},
  journal={ILR Review},
  volume={30},
  number={4},
  pages={505--517},
  year={1977},
  publisher={SAGE Publications Sage CA: Los Angeles, CA}
}
@article{hahn1994efficiency,
  title={The efficiency bound of the mixed proportional hazard model},
  author={Hahn, Jinyong},
  journal={The Review of Economic Studies},
  volume={61},
  number={4},
  pages={607--629},
  year={1994},
  publisher={Wiley-Blackwell}
}
@article{ridder2003singularity,
  title={The singularity of the information matrix of the mixed proportional hazard model},
  author={Ridder, Geert and Woutersen, Tiemen M},
  journal={Econometrica},
  volume={71},
  number={5},
  pages={1579--1589},
  year={2003},
  publisher={Wiley Online Library}
}
@incollection{keane2011structural,
  title={The structural estimation of behavioral models: Discrete choice dynamic programming methods and applications},
  author={Keane, Michael P and Todd, Petra E and Wolpin, Kenneth I},
  booktitle={Handbook of labor economics},
  volume={4},
  pages={331--461},
  year={2011},
  publisher={Elsevier}
}
@article{faberman2022job,
  title={Job search behavior among the employed and non-employed},
  author={Faberman, R Jason and Mueller, Andreas I and {\c{S}}ahin, Ay{\c{s}}eg{\"u}l and Topa, Giorgio},
  journal={Econometrica},
  volume={90},
  number={4},
  pages={1743--1779},
  year={2022},
  publisher={Wiley Online Library}
}
@book{stokey1989recursive,
  title={Recursive methods in economic dynamics},
  author={Stokey, Nancy L},
  year={1989},
  publisher={Harvard University Press}
}

@incollection{rust_chapter_1994,
    series = {Handbook of {Econometrics}},
    title = {Chapter 51 {Structural} estimation of markov decision processes},
    volume = {4},
    url = {https://www.sciencedirect.com/science/article/pii/S1573441205800200},
    abstract = {Publisher Summary This chapter summarizes the ability of the models to track the shift in departure rates induced by the 1982 window plan. All forecasts were based on the estimated utility function parameters using data prior to 1982. Using these parameters, predictions were generated from all four models after incorporating the extra bonus provisions of the window plan. The structural models were generally able to accurately predict the large increase in departure rates induced by the window plan, although once again none of the models was able to capture the peak in departure rates at age 65. On the other hand, the reduced-form probit model predicted that the window plan had essentially no effect on departure rates. Other reduced-form specifications greatly overpredicted departure rates under the window plan.},
    publisher = {Elsevier},
    author = {Rust, John},
    year = {1994},
    doi = {https://doi.org/10.1016/S1573-4412(05)80020-0},
    note = {ISSN: 1573-4412},
    pages = {3081--3143},
}


@article{lalonde1986evaluating,
  title={Evaluating the econometric evaluations of training programs with experimental data},
  author={LaLonde, Robert J},
  journal={The American economic review},
  pages={604--620},
  year={1986},
  publisher={JSTOR}
}
@article{ham1996effect,
  title={The effect of sample selection and initial conditions in duration models: Evidence from experimental data on training},
  author={Ham, John C and LaLonde, Robert J},
  journal={Econometrica: Journal of the Econometric Society},
  pages={175--205},
  year={1996},
  publisher={JSTOR}
}


@article{eberwein1997impact,
  title={The impact of being offered and receiving classroom training on the employment histories of disadvantaged women: Evidence from experimental data},
  author={Eberwein, Curtis and Ham, John C and LaLonde, Robert J},
  journal={The Review of Economic Studies},
  volume={64},
  number={4},
  pages={655--682},
  year={1997},
  publisher={Wiley-Blackwell}
}










@article{heckman1997matching,
  title={Matching as an econometric evaluation estimator: Evidence from evaluating a job training programme},
  author={Heckman, James J and Ichimura, Hidehiko and Todd, Petra E},
  journal={The review of economic studies},
  volume={64},
  number={4},
  pages={605--654},
  year={1997},
  publisher={Wiley-Blackwell}
}

@article{smith2005does,
  title={Does matching overcome LaLonde's critique of nonexperimental estimators?},
  author={Smith, Jeffrey A and Todd, Petra E},
  journal={Journal of econometrics},
  volume={125},
  number={1-2},
  pages={305--353},
  year={2005},
  publisher={Elsevier}
}

@misc{heckman1998characterizing,
  title={Characterizing selection bias using experimental data},
  author={Heckman, James J and Ichimura, Hidehiko and Smith, Jeffrey A and Todd, Petra E},
  year={1998},
  publisher={National bureau of economic research Cambridge, Mass., USA}
}

@article{hahn2001identification,
  title={Identification and estimation of treatment effects with a regression-discontinuity design},
  author={Hahn, Jinyong and Todd, Petra and Van der Klaauw, Wilbert},
  journal={Econometrica},
  volume={69},
  number={1},
  pages={201--209},
  year={2001},
  publisher={JSTOR}
}
@article{todd2020best,
  title={The best of both worlds: Combining rcts with structural modeling},
  author={Todd, Petra E and Wolpin, Kenneth I},
  year={2020}
}


@article{abbring2003nonparametric,
  title={The nonparametric identification of treatment effects in duration models},
  author={Abbring, Jaap H and Van den Berg, Gerard J},
  journal={Econometrica},
  volume={71},
  number={5},
  pages={1491--1517},
  year={2003},
  publisher={Wiley Online Library}
}



@article{eckstein2007empirical,
  title={Empirical labor search: A survey},
  author={Eckstein, Zvi and Van den Berg, Gerard J},
  journal={Journal of econometrics},
  volume={136},
  number={2},
  pages={531--564},
  year={2007},
  publisher={Elsevier}
}




@article{van1998empirical,
  title={An empirical equilibrium search model of the labor market},
  author={Van den Berg, Gerard J and Ridder, Geert},
  journal={Econometrica},
  pages={1183--1221},
  year={1998},
  publisher={JSTOR}
}



@incollection{van2001duration,
  title={Duration models: specification, identification and multiple durations},
  author={Van den Berg, Gerard J},
  booktitle={Handbook of econometrics},
  volume={5},
  pages={3381--3460},
  year={2001},
  publisher={Elsevier}
}




@book{manski2003partial,
  title={Partial identification of probability distributions},
  author={Manski, Charles F},
  volume={5},
  year={2003},
  publisher={Springer}
}


@article{horowitz1995identification,
  title={Identification and robustness with contaminated and corrupted data},
  author={Horowitz, Joel L and Manski, Charles F},
  journal={Econometrica: Journal of the Econometric Society},
  pages={281--302},
  year={1995},
  publisher={JSTOR}
} 

@article{horowitz2000nonparametric,
  title={Nonparametric analysis of randomized experiments with missing covariate and outcome data},
  author={Horowitz, Joel L and Manski, Charles F},
  journal={Journal of the American statistical Association},
  volume={95},
  number={449},
  pages={77--84},
  year={2000},
  publisher={Taylor \& Francis}
}
@book{manski2009identification,
  title={Identification for prediction and decision},
  author={Manski, Charles F},
  year={2009},
  publisher={Harvard University Press}
}

@book{van2000asymptotic,
  title={Asymptotic statistics},
  author={Van der Vaart, Aad W},
  volume={3},
  year={2000},
  publisher={Cambridge university press}
}


@article{ichimura2022influence,
  title={The influence function of semiparametric estimators},
  author={Ichimura, Hidehiko and Newey, Whitney K},
  journal={Quantitative Economics},
  volume={13},
  number={1},
  pages={29--61},
  year={2022},
  publisher={Wiley Online Library}
}


@article{heckman1984method,
  title={A method for minimizing the impact of distributional assumptions in econometric models for duration data},
  author={Heckman, James and Singer, Burton},
  journal={Econometrica: Journal of the Econometric Society},
  pages={271--320},
  year={1984},
  publisher={JSTOR}
}
 

@incollection{heckman1981heterogeneity,
  title={Heterogeneity and state dependence},
  author={Heckman, James J},
  booktitle={Studies in labor markets},
  pages={91--140},
  year={1981},
  publisher={University of Chicago Press}
}
 

@article{torgovitsky2019nonparametric,
  title={Nonparametric inference on state dependence in unemployment},
  author={Torgovitsky, Alexander},
  journal={Econometrica},
  volume={87},
  number={5},
  pages={1475--1505},
  year={2019},
  publisher={Wiley Online Library}
}
 

@article{chen2021semiparametric,
  title={Semiparametric estimation of long-term treatment effects},
  author={Chen, Jiafeng and Ritzwoller, David M},
  journal={arXiv preprint arXiv:2107.14405},
  year={2021}
}

@article{rosenbaum1983central,
  title={The central role of the propensity score in observational studies for causal effects},
  author={Rosenbaum, Paul R and Rubin, Donald B},
  journal={Biometrika},
  volume={70},
  number={1},
  pages={41--55},
  year={1983},
  publisher={Oxford University Press}
}

@article{molchanov2014applications,
  title={Applications of random set theory in econometrics},
  author={Molchanov, Ilya and Molinari, Francesca},
  journal={Annu. Rev. Econ.},
  volume={6},
  number={1},
  pages={229--251},
  year={2014},
  publisher={Annual Reviews}
} 

@book{molchanov2018random,
  title={Random sets in econometrics},
  author={Molchanov, Ilya and Molinari, Francesca},
  volume={60},
  year={2018},
  publisher={Cambridge University Press}
}

@book{molchanov2005theory,
  title={Theory of random sets},
  author={Molchanov, Ilya},
  volume={19},
  year={2005},
  number={2},
  publisher={Springer}
}

@article{roy1951some,
  title={Some thoughts on the distribution of earnings},
  author={Roy, Andrew Donald},
  journal={Oxford economic papers},
  volume={3},
  number={2},
  pages={135--146},
  year={1951},
  publisher={JSTOR}
}

@article{blundell2007changes,
  title={Changes in the distribution of male and female wages accounting for employment composition using bounds},
  author={Blundell, Richard and Gosling, Amanda and Ichimura, Hidehiko and Meghir, Costas},
  journal={Econometrica},
  volume={75},
  number={2},
  pages={323--363},
  year={2007},
  publisher={Wiley Online Library}
}

@article{chernozhukov2014anti,
  title={Anti-concentration and honest, adaptive confidence bands},
  author={Chernozhukov, Victor and Chetverikov, Denis and Kato, Kengo},
  journal={The Annals of Statistics},
  volume={42},
  number={5},
  pages={1787--1818},
  year={2014},
  publisher={Institute of Mathematical Statistics}
}


@article{athey2020combining,
  title={Combining experimental and observational data to estimate treatment effects on long term outcomes},
  author={Athey, Susan and Chetty, Raj and Imbens, Guido},
  journal={arXiv preprint arXiv:2006.09676},
  year={2020}
}



@book{imbens2015causal,
  title={Causal inference in statistics, social, and biomedical sciences},
  author={Imbens, Guido W and Rubin, Donald B},
  year={2015},
  publisher={Cambridge University Press}
}










@article{cunha2008formulating,
  title={Formulating, identifying and estimating the technology of cognitive and noncognitive skill formation},
  author={Cunha, Flavio and Heckman, James J},
  journal={Journal of human resources},
  volume={43},
  number={4},
  pages={738--782},
  year={2008},
  publisher={University of Wisconsin Press}
}
@article{cunha2010estimating,
  title={Estimating the technology of cognitive and noncognitive skill formation},
  author={Cunha, Flavio and Heckman, James J and Schennach, Susanne M},
  journal={Econometrica},
  volume={78},
  number={3},
  pages={883--931},
  year={2010},
  publisher={Wiley Online Library}
}
@article{heckman2007dynamic,
  title={Dynamic discrete choice and dynamic treatment effects},
  author={Heckman, James J and Navarro, Salvador},
  journal={Journal of Econometrics},
  volume={136},
  number={2},
  pages={341--396},
  year={2007},
  publisher={Elsevier}
}


@article{zhang2022statistical,
  title={Statistical Inference After Adaptive Sampling in Non-Markovian Environments},
  author={Zhang, Kelly W and Janson, Lucas and Murphy, Susan A},
  journal={arXiv preprint arXiv:2202.07098},
  year={2022}
}